% Encoding: UTF-8
@Comment{jabref-meta: databaseType:bibtex;}

@misc{aws_shield,
    AUTHOR       = {Amazon },
    TITLE        = {AWS Shield},
    NOTE         = {Aufgerufen 23.05.2021},
    HOWPUBLISHED = {Website},
    URL          = {{https://aws.amazon.com/de/shield/}},
    YEAR         = {2021}
}

@misc{cloudflare,
    AUTHOR       = {Cloudflare},
    TITLE        = {Cloudflare DDoS Protection},
    NOTE         = {Aufgerufen 23.05.2021},
    HOWPUBLISHED = {Website},
    URL          = {{https://www.cloudflare.com/ddos/}},
    YEAR         = {2021}
}

@misc{datacenterknowledge_study,
    AUTHOR = {datacenterknowledge.com},
    TITLE  = {Study: Number of Costly DoS-Related Data Center Outages Rising},
    NOTE   = {Aufgerufen 23.05.2021},
    URL    = {{https://www.datacenterknowledge.com/archives/2016/05/13/number-of-costly-dos-related-data-center-outages-rising}},
    YEAR   = {2016}
}

@misc{infopoint_security_cyber_angriffe,
    AUTHOR = {infopoint-security},
    TITLE  = {Cyber-Angriffe auf deutsche Krankenh√§user sind um 220 Prozent gestiegen},
    NOTE   = {Aufgerufen 23.05.2021},
    URL    = {{https://www.infopoint-security.de/cyber-angriffe-auf-deutsche-krankenhaeuser-sind-um-220-prozent-gestiegen/a26177/}},
    YEAR   = {2021}
}

@misc{tecchannel_gefahr_botnet,
    AUTHOR       = {tecchannel},
    TITLE        = {Trend Micro: Latente Gefahr durch Botnet SDBOT},
    NOTE         = {Aufgerufen 23.05.2021},
    HOWPUBLISHED = {Website},
    URL          = {{https://www.tecchannel.de/a/trend-micro-latente-gefahr-durch-botnet-sdbot,2024687}},
    YEAR         = {2009}
}

@misc{neustar_ddos_report,
    AUTHOR       = {NEUSTAR},
    TITLE        = {2016 DDoS Report},
    NOTE         = {Aufgerufen 23.05.2021},
    HOWPUBLISHED = {Website},
    URL          = {{https://ns-cdn.neustar.biz/creative_services/biz/neustar/www/resources/whitepapers/it-security/ddos/2016-apr-ddos-report.pdf}}
}

@misc{projectshield,
    AUTHOR       = {ProjectShield},
    TITLE        = {ProjectShield Webseite},
    NOTE         = {Aufgerufen 23.05.2021},
    HOWPUBLISHED = {Website},
    URL          = {{https://projectshield.withgoogle.com/landing}},
    YEAR         = {2021}
}

@misc{progkonv,
    AUTHOR	 = {Lackes, Richard},
    TITLE	 = {Programmierkonventionen},
    NOTE	 = {Aufgerufen 30.06.2021},
    HOWPUBLISHED = {Website},
    URL	 = {{https://wirtschaftslexikon.gabler.de/definition/programmierkonventionen-43646}},
    YEAR	 = {2021}
}

@misc{xorshift,
    AUTHOR	 = {Marsaglia, George},
    TITLE	 = {Xorshift RNGs},
    NOTE	 = {Aufgerufen 01.07.2021},
    HOWPUBLISHED = {Website},
    URL	 = {{https://www.researchgate.net/publication/5142825_Xorshift_RNGs/link/0e5fcf01f0c404bcbfaaa860/download}},
    YEAR	 = {2021}
}

@misc{testFab,
    AUTHOR       = {Menghao Zhang et al.},
    TITLE        = {Mitigating Volumetric DDoS Attacks with programmable Switches},
    YEAR         = {2000},
    HOWPUBLISHED = {Website},
    NOTE         = {Aufgerufen 11.05.2021},
    URL          = {{https://www.ndss-symposium.org/wp-content/uploads/2020/02/24007-paper.pdf}}
}

@misc{swmetriken,
    AUTHOR       = {Augsten, Stephan},
    TITLE        = {Was sind Softwaremetriken},
    YEAR         = {2019},
    HOWPUBLISHED = {Website},
    NOTE         = {Aufgerufen 09.07.2021},
    URL          = {{https://www.dev-insider.de/was-sind-softwaremetriken-a-813487}}
}

@misc{testbed,
    TITLE        = {Testbed},
    YEAR         = {2019},
    HOWPUBLISHED = {Website},
    NOTE         = {Aufgerufen 19.07.2021},
    URL          = {{https://de.wikipedia.org/wiki/Testbed}}
}

\endinput
%%
%% End of file `sample.bib'.
