% Encoding: UTF-8
@Comment{jabref-meta: databaseType:bibtex;}
@misc{aws_shield,
  AUTHOR       = {Amazon },
  TITLE        = {AWS Shield},
  NOTE         = {Aufgerufen 23.05.2021},
  HOWPUBLISHED = {Website},
  URL          = {{https://aws.amazon.com/de/shield/}},
  YEAR         = {2021}
}

@online{blog-selectel,
  AUTHOR = {Andrej Yemelianov},
  TITLE  = {Introduction to DPDK: Architecture and Principles},
  NOTE   = {Aufgerufen 02.05.2021},
  DATE   = {2016-11-26},
  URL    = {{https://blog.selectel.com/introduction-dpdk-architecture-principles/}},
  YEAR   = {2016}
}

@misc{cloudflare,
  AUTHOR       = {Cloudflare},
  TITLE        = {Cloudflare DDoS Protection},
  NOTE         = {Aufgerufen 23.05.2021},
  HOWPUBLISHED = {Website},
  URL          = {{https://www.cloudflare.com/ddos/}},
  YEAR         = {2021}
}

@misc{datacenterknowledge_study,
  AUTHOR = {datacenterknowledge.com},
  TITLE  = {Study: Number of Costly DoS-Related Data Center Outages Rising},
  NOTE   = {Aufgerufen 23.05.2021},
  URL    = {{https://www.datacenterknowledge.com/archives/2016/05/13/number-of-costly-dos-related-data-center-outages-rising}},
  YEAR   = {2016}
}

@online{DPDK.org,
  AUTHOR = {DPDK Project. LF Projects},
  TITLE  = {DPDK Webseite},
  NOTE   = {Aufgerufen 01.05.2021},
  URL    = {{https://www.dpdk.org/}}
}

@online{github.com/DPDK/dpdk,
  AUTHOR = {DPDK Project},
  TITLE  = {DPDK on Github},
  NOTE   = {Aufgerufen 01.05.2021},
  URL    = {{https://github.com/DPDK/dpdk}}
}

@misc{infopoint_security_cyber_angriffe,
  AUTHOR = {infopoint-security},
  TITLE  = {Cyber-Angriffe auf deutsche Krankenhäuser sind um 220 Prozent gestiegen},
  NOTE   = {Aufgerufen 23.05.2021},
  URL    = {{https://www.infopoint-security.de/cyber-angriffe-auf-deutsche-krankenhaeuser-sind-um-220-prozent-gestiegen/a26177/}},
  YEAR   = {2021}
}

@misc{intel_nic_benchmark,
  TITLE        = {DPDK Intel NIC Performance ReportRelease 20.02},
  HOWPUBLISHED = {Website},
  URL          = {{http://fast.dpdk.org/doc/perf/DPDK_20_02_Intel_NIC_performance_report.pdf}},
  NOTE         = {Zugriff: 2021-05-17}
}

@misc{mellanox_nic_benchmark,
  TITLE        = {Mellanox NIC’s Performance Report with DPDK 20.05},
  URL          = {{https://fast.dpdk.org/doc/perf/DPDK_20_05_Mellanox_NIC_performance_report.pdf}},
  HOWPUBLISHED = {Website},
  NOTE         = {Zugriff: 2021-05-17}
}

@misc{neustar_ddos_report,
  AUTHOR       = {NEUSTAR},
  TITLE        = {2016 DDoS Report},
  NOTE         = {Aufgerufen 23.05.2021},
  HOWPUBLISHED = {Website},
  URL          = {{https://ns-cdn.neustar.biz/creative_services/biz/neustar/www/resources/whitepapers/it-security/ddos/2016-apr-ddos-report.pdf}}
}

@manual{pakkanen_meson_build_system,
  AUTHOR       = {Jussi Pakkanen},
  TITLE        = {The Meson Build System},
  HOWPUBLISHED = {Website},
  URL          = {{https://mesonbuild.com/Getting-meson.html}}
}

@misc{Patchmap,
  AUTHOR = {Wolfgang Brehm},
  TITLE  = {Memory Efficient Hash Tables and Pseudorandom Ordering},
  DATE   = {2020-11-16},
  URL    = {{https://1ykos.github.io/patchmap/#Publication}}
}

@misc{projectshield,
  AUTHOR       = {ProjectShield},
  TITLE        = {ProjectShield Webseite},
  NOTE         = {Aufgerufen 23.05.2021},
  HOWPUBLISHED = {Website},
  URL          = {{https://projectshield.withgoogle.com/landing}},
  YEAR         = {2021}
}

@misc{RobinHoodMap,
  AUTHOR = {Thibaut Goetghebuer-Planchon},
  TITLE  = {Benchmark of major hash maps implementations},
  DATE   = {2020-06-22},
  URL    = {{https://tessil.github.io/2016/08/29/benchmark-hopscotch-map.html}}
}

@misc{ryzen_benchmarks,
  TITLE        = {Ryzen Website},
  HOWPUBLISHED = {Website},
  URL          = {{https://www.amd.com/en/products/cpu/amd-ryzen-9-5900x}},
  NOTE         = {Zugriff: 2021-05-17}
}

@misc{tecchannel_gefahr_botnet,
  AUTHOR       = {tecchannel},
  TITLE        = {Trend Micro: Latente Gefahr durch Botnet SDBOT},
  NOTE         = {Aufgerufen 23.05.2021},
  HOWPUBLISHED = {Website},
  URL          = {{https://www.tecchannel.de/a/trend-micro-latente-gefahr-durch-botnet-sdbot,2024687}},
  YEAR         = {2009}
}

@misc{testFab,
  AUTHOR       = {Menghao Zhang et al.},
  TITLE        = {Mitigating Volumetric DDoS Attacks with programmable Switches},
  YEAR         = {2000},
  HOWPUBLISHED = {Website},
  NOTE         = {Aufgerufen 11.05.2021},
  URL          = {{https://www.ndss-symposium.org/wp-content/uploads/2020/02/24007-paper.pdf"}}
}

\endinput
%%
%% End of file `sample.bib'.
